@inproceedings{10.1145/99370.99404,
author = {Wadler, Philip},
title = {Theorems for free!},
year = {1989},
isbn = {0897913280},
publisher = {Association for Computing Machinery},
address = {New York, NY, USA},
url = {https://doi.org/10.1145/99370.99404},
doi = {10.1145/99370.99404},
booktitle = {Proceedings of the Fourth International Conference on Functional Programming Languages and Computer Architecture},
pages = {347-359},
numpages = {13},
location = {Imperial College, London, United Kingdom},
series = {FPCA '89}
}